2274 3802
298 205 457 256 mor.
502 207 593 257 ΜΒ.
620 189 646 260 1.
840 209 896 278 129

146 341 377 413 BACCHIS
421 344 660 414 PHRYNAE.
682 344 816 416 XXXI.

116 460 177 531 On
193 481 374 554 tantopere
388 483 532 555 propter
543 463 627 531 illud
644 462 892 556 periculumvi·

116 593 196 640 cem
210 591 304 640 tuam
319 572 433 656 dolui,
450 568 647 641 charisfima:
668 595 890 669 quantopere,

56 675 154 767 quod
170 699 188 744 a
204 677 293 746 malo
311 695 456 745 amatore
471 676 608 744 liberata
630 700 681 760 es,
697 684 726 744 ἃ
742 681 891 771 Hyperi-

55 781 134 848 dem
151 782 283 850 bonum
300 780 471 861 invenisti,
488 779 557 849 sum
574 780 684 848 laetata.
700 783 786 848 Nam
795 785 890 875 quod

54 886 227 975 judicium
243 885 329 956 illud
344 888 506 977 contigit,
522 885 557 952 id
571 885 615 954 ad
627 885 821 955 felicitatem
836 908 890 959 tu·

54 1015 106 1059 am
127 989 243 1059 facere
266 990 420 1059 arbitror.
466 988 642 1057 Celebrem
666 994 755 1058 enim
770 1010 805 1059 te
820 1016 889 1060 non

54 1099 202 1168 Athenis
226 1095 353 1178 solum,
375 1097 608 1163 verumetiam
625 1097 658 1163 in
680 1115 750 1164 tota
765 1096 889 1166 Graeeia

58 1212 233 1274 certamen
248 1201 334 1270 illud
349 1198 442 1268 fecit.
486 1200 653 1291 Equidem
667 1202 801 1270 Euthias
817 1200 888 1270 satis
962 1208 965 1217 '

55 1330 236 1403 poenarum
253 1305 345 1374 dabit
359 1303 439 1373 dum
453 1325 509 1375 tua
524 1303 763 1376 consvetudine
777 1308 888 1401 priva-

57 1433 121 1487 tur.
147 1415 238 1483 Nam
253 1413 283 1478 is'
294 1410 378 1478 mihi
393 1410 581 1477 videturira
597 1433 797 1495 commotus,
806 1434 888 1504 pro-

57 1539 132 1611 pter
157 1515 285 1586 insitam
307 1513 523 1582 stoliditatem
551 1511 715 1583 exceffiss'e
744 1518 886 1588 modum

57 1623 225 1694 amatoriae
245 1620 431 1710 zelotypiae.
477 1620 518 1685 Et
532 1642 621 1687 nunc
641 1620 737 1688 illum
759 1621 887 1708 majore

17 1776 20 1785 ν
58 1754 173 1804 amore
187 1724 886 1820 flagrarequamHyperidemomninoper·

55 1831 182 1917 [vasum
189 1830 325 1899 habeto.
354 1825 415 1894 lste
430 1828 519 1892 enim
534 1828 887 1915 propterbeneficium

56 1935 156 2035 quod
173 1931 361 2027 patrocinio
384 1926 441 1998 suo
458 1931 492 1995 in
508 1947 542 1994 te
561 1929 727 2013 contulit,
749 1930 887 2005 videtur

56 2044 148 2114 velle
159 2034 335 2130 impensius
344 2034 423 2114 coli,
432 2039 462 2101 &
471 2029 568 2098 instar
581 2030 777 2101 deliciarum
785 2033 817 2103 se
826 2057 887 2127 ge.

56 2171 144 2223 tere.
204 2141 262 2210 ille
278 2158 389 2206 autem
410 2131 499 2200 malo
521 2128 734 2201 recusationis
757 2130 885 2203 succes·
949 2212 956 2227 ⁶

57 2253 91 2325 su
107 2249 256 2322 irritatus
279 2239 336 2309 est.
381 2236 526 2327 Expeda
541 2233 645 2324 igitur
658 2235 697 2303 ab
713 2256 755 2304 eo
776 2234 886 2306 rursus

56 2343 499 2454 preces&supplicationes‚
515 2343 545 2405 ἃ
560 2358 709 2430 magnam
717 2341 787 2407 vim
802 2341 885 2422 auri,

57 2465 110 2534 Ne
118 2455 205 2529 vero
213 2444 437 2543 praevariceris
450 2439 564 2519 nostrae
578 2444 793 2511 meretricum
808 2465 885 2513 cau·

57 2548 419 2652 sae‚meadiiediffima:
442 2571 554 2641 neque
564 2548 675 2616 locum
693 2546 803 2615 dando
818 2551 885 2618 Eu-

56 2675 132 2744 thiae
139 2661 298 2760 precibus
307 2709 316 2740 ‚
325 2655 533 2737 committes,
547 2671 585 2721 ut
594 2650 784 2744 Hyperides
799 2651 888 2729 male

56 2827 160 2910 quando
174 2823 221 2879 boc
236 2815 323 2895 orasti.
342 2816 427 2870 Item:
437 2812 499 2867 Non
508 2811 604 2889 edepol
607 2824 636 2866 tu
644 2807 698 2885 scis
705 2809 885 2888 mulierquan.

55 2921 108 2962 tum
116 2917 164 2977 ego
172 2899 293 2952 bonorem
301 2885 504 2945 numillibabeo.

89 2980 128 3035 τῦ
153 2965 335 3037 ἀποτεύγματα
360 2964 407 3027 τῆς
430 2967 496 3024 δίκης
510 2955 583 3030 παρά
599 2982 670 3018 vtem
708 2957 790 3015 Adeo
813 2975 883 3037 aegre

53 3033 144 3111 redisse
160 3041 306 3105 Euthiam,
318 3035 393 3112 quod
407 3034 458 3089 hae
473 3033 549 3089 causa
563 3029 652 3089 cecidi
675 3049 718 3099 ct,
733 3049 765 3088 ut
778 3034 885 3093 nuliam

55 3128 113 3202 post
129 3118 219 3198 egerit
227 3108 576 3174 causamdicitAthenaeus
584 3109 689 3179 xmp.
697 3127 750 3178 590.
771 3112 883 3164 exHer.
971 3177 973 3183 .

55 3202 170 3279 mippo:
189 3189 216 3262 ἦν
232 3197 258 3251 δῦ
273 3187 290 3260 ἧ
306 3181 387 3258 deden
401 3191 430 3244 ἐκ
445 3185 575 3246 Θεσπιῶν,
588 3190 715 3254 κρινομένη
730 3189 756 3240 δὲ
772 3181 820 3239 dre*
837 3181 886 3239 E'v·

511 3283 527 3350 Ι
762 3269 883 3353 ‘xivdie
939 3309 942 3313 ·
1070 3381 1081 3401 ·
